
@article{perfors_learnability_2011,
	title = {The learnability of abstract syntactic principles},
	volume = {118},
	url = {http://www.sciencedirect.com/science/article/pii/S0010027710002593},
	number = {3},
	urldate = {2016-02-23},
	journal = {Cognition},
	author = {Perfors, Amy and Tenenbaum, Joshua B. and Regier, Terry},
	year = {2011},
	pages = {306--338},
	file = {2011-perfors_tenenbaum_regier-the_learnability_of_abstract_syntactic_principles.pdf:/home/mome/Documents/papers/2011-perfors_tenenbaum_regier-the_learnability_of_abstract_syntactic_principles.pdf:application/pdf;Snapshot:/home/mome/.zotero/zotero/f985forx.default/zotero/storage/8TEZUZ6A/S0010027710002593.html:text/html}
}

@inproceedings{ribeyre_linguistically-motivated_2012,
	title = {A {Linguistically}-motivated 2-stage {Tree} to {Graph} {Transformation}},
	url = {https://hal.inria.fr/hal-00765422/},
	urldate = {2016-06-08},
	booktitle = {{TAG}+ 11-{The} 11th {International} {Workshop} on {Tree} {Adjoining} {Grammars} and {Related} {Formalisms}-2012},
	author = {Ribeyre, Corentin and Seddah, Djamé and De La Clergerie, Éric Villemonte},
	year = {2012},
	file = {2012-ribeyre_seddah_de_la_clergerie-a_linguistically-motivated_2-stage_tree_to_graph_transformation.pdf:/home/mome/Documents/papers/Linguistics/2012-ribeyre_seddah_de_la_clergerie-a_linguistically-motivated_2-stage_tree_to_graph_transformation.pdf:application/pdf;Snapshot:/home/mome/.zotero/zotero/f985forx.default/zotero/storage/WU5RCUCP/hal-00765422.html:text/html}
}

@inproceedings{rim_transforming_1990,
	title = {Transforming syntactic graphs into semantic graphs},
	url = {http://dl.acm.org/citation.cfm?id=981830},
	urldate = {2016-06-08},
	booktitle = {Proceedings of the 28th annual meeting on {Association} for {Computational} {Linguistics}},
	publisher = {Association for Computational Linguistics},
	author = {Rim, Hae-Chang and Seo, Jungyun and Simmons, Robert F.},
	year = {1990},
	pages = {47--53},
	file = {1990-rim_seo_simmons-transforming_syntactic_graphs_into_semantic_graphs.pdf:/home/mome/Documents/papers/Linguistics/1990-rim_seo_simmons-transforming_syntactic_graphs_into_semantic_graphs.pdf:application/pdf;Snapshot:/home/mome/.zotero/zotero/f985forx.default/zotero/storage/NKFZIJNH/citation.html:text/html}
}

@inproceedings{hearst_automatic_1992,
	title = {Automatic acquisition of hyponyms from large text corpora},
	booktitle = {Proceedings of the 14th conference on {Computational} linguistics-{Volume} 2},
	publisher = {Association for Computational Linguistics},
	author = {Hearst, Marti A},
	year = {1992},
	pages = {539--545}
}

@article{frost_denotational_2014,
	title = {A denotational semantics for natural langauge query interfaces to semantic web triplestores},
	url = {http://cs.uwindsor.ca/~richard/cs510/paper.pdf},
	urldate = {2016-01-18},
	journal = {Submitted for publication},
	author = {Frost, Richard A. and Donais, Jonathon and Mathews, Eric and Stewart, Rob},
	year = {2014},
	file = {2014-frost_et_al-a_denotational_semantics_for_natural_langauge_query_interfaces_to_semantic_web.pdf:/home/mome/Documents/papers/Linguistics/2014-frost_et_al-a_denotational_semantics_for_natural_langauge_query_interfaces_to_semantic_web.pdf:application/pdf}
}

@article{smith_grammar_2003,
	title = {Grammar inference using recurrent neural networks},
	url = {http://cseweb.ucsd.edu/~atsmith/rnn_grammar.pdf},
	urldate = {2016-01-18},
	journal = {Department of computer science, University of San Diego, California. www. cs e. ucsd. edu/ atsmith},
	author = {Smith, Andrew},
	year = {2003},
	file = {2003-smith-grammar_inference_using_recurrent_neural_networks.pdf:/home/mome/Documents/papers/Linguistics/2003-smith-grammar_inference_using_recurrent_neural_networks.pdf:application/pdf}
}

@misc{briscoe_introduction_2011,
	title = {Introduction to {Formal} {Semantics} for {Natural} {Language}},
	author = {Briscoe, Ted},
	year = {2011},
	file = {2011-briscoe-introduction_to_formal_semantics_for_natural_language.pdf:/home/mome/Documents/papers/Linguistics/2011-briscoe-introduction_to_formal_semantics_for_natural_language.pdf:application/pdf}
}